@Book{ThrBurFox:05,
	title = {{Probabilistic Robotics (Intelligent Robotics and Autonomous Agents)}},
	author = {Thrun, S. and Burgard, W. and Fox, D.},
	year = {2005},
	publishe = {MIT press, Cambridge, Massachusetts, USA}
}
@Article{Gus:02,
	title = {{Particle filters for positioning, navigation, and tracking}},
	author = {Gustafsson, F. and Gunnarsson, F. and Bergman, N. and Forssell, U. and Jansson, J. and
	          Karlsson, R. and Nordlund, P.J.},
	journal = {Signal Processing, IEEE Transactions on},
	volume = {50},
	number = {2},
	pages = {425--437},
	issn = {1053-587X},
	year = {2002},
	publisher = {IEEE}
}
@Article{HofSmi:09,
	author = {Hofman, R. and \v{S}m\'\i{}dl V.},
	title = {Assimilation of spatio-temporal distribution of radionuclides in early phase of
	         radiation accident},
	journal = {Bezpečnost jaderné energie},
	volume = 18,
	pages = {226--228},
	year = {2010},
}
@InProceedings{HofSmiPech:09,
	author= {Hofman, R. and \v{S}m\'\i{}dl, V. and Pecha, P.},
	title = {Data assimilation in early phase of radiation accident using particle filter},
	booktitle ={The Fifth WMO International Symposium on Data Assimilation},
	address = {Melbourne, Australia},
	year = {2009},
}
@InProceedings{PechHofSmi:09,
	author = {Pecha, P. and Hofman R. and \v{S}m\'\i{}dl, V.},
	title = {Bayesian tracking of the toxic plume spreading in the early stage of radiation accident},
	booktitle = {Proceedings of the 2009 European Simulation and Modelling Conference},
	address = {Leicester, GB},
	year = 2009,
}
@Article{AruMasGor:02,
	author = {M. Sanjeev Arulampalam and Simon Maskell and Neil Gordon},
	title = {A tutorial on particle filters for online nonlinear/non-Gaussian Bayesian tracking},
	journal = {IEEE Transactions on Signal Processing},
	year = {2002},
	volume = {50},
	pages = {174--188}
}
@InCollection{Pet:81,
	author = {Peterka, V.},
	title = {Bayesian Approach to System Identification},
	booktitle = {Trends and Progress in System identification},
	publisher = {Pergamon Press},
	year = {1981},
	editor = {P. Eykhoff},
	pages = {239--304},
	address = {Oxford}
}
@Article{CriDou:02,
	title={{A survey of convergence results on particle filtering methods for practitioners}},
	author={Crisan, D. and Doucet, A.},
	journal={Signal Processing, IEEE Transactions on},
	volume={50},
	number={3},
	pages={736--746},
	year={2002},
	publisher={IEEE}
}
@Article{SchGusNor:05,
	author={Schön, T. B. and Gustafsson, F. and Nordlund, P.-J.},
	journal={Signal Processing, IEEE Transactions on},
	title={Marginalized particle filters for mixed linear/nonlinear state-space models},
	year={2005},
	month={july},
	volume={53},
	number={7},
	pages={2279--2289},
	doi={10.1109/TSP.2005.849151},
	ISSN={1053-587X}
}
@Misc{SchKarGus:06,
	author = {Schön, T. B. and Karlsson, R. and Gustafsson, F.},
	title = {{The Marginalized Particle Filter --- Analysis, Applications and Generalizations}},
	year = {2006}
}
@InProceedings{Smi:10,
	author={{\v{S}}m{\'{\i}}dl, V.},
	title={{Software Analysis Unifying Particle Filtering and Marginalized Particle Filtering}},
	booktitle={Proceedings of the 13th International Conference on Information Fusion},
	publisher={IET},
	location={Edinburgh},
	country={GB},
	year={2010},
}
@PhdThesis{Smi:05,
	author = {\v{S}m\'{i}dl, V.},
	title = {{Software analysis of Bayesian distributed dynamic decision making}},
	year = {2005},
	address = {Plze\v{n}},
	school = {University of West Bohemia, Faculty of Applied Sciences, Pilsen, Czech Republic},
	url = {http://www.kky.zcu.cz/en/publications/SmidlV_2005_Softwareanalysisof},
}
@Article{LevPet:06,
	author = {Levanoni, Y. and Petrank, E.},
	title = {An On-the-Fly Reference Counting Garbage Collector for {J}ava},
	journal = {ACM Transactions on Programming Languages and Systems},
	volume = {28},
	number = {1},
	month = {January},
	year = {2006},
	url = {http://portal.acm.org/ft_gateway.cfm?id=1111597&type=pdf&coll=portal&dl=ACM&CFID=72488985&CFTOKEN=2165367}
}
@Book{Str:00,
	title = {{The C++ programming language, Third Edition}},
	author = {Stroustrup, B.},
	isbn = {9780201700732},
	lccn = {99059344},
	year = {2000},
	publisher = {Addison-Wesley}
}
@Misc{BFL,
	author = {Gadeyne, K.},
	title = {{BFL}: {B}ayesian {F}iltering {L}ibrary},
	year = {2001},
	howpublished = {\url{http://www.orocos.org/bfl}},
}
@InProceedings{BDM,
	author = {Šmídl, V. and Pištěk, M.},
	title = {Presentation of {B}ayesian {D}ecision {M}aking {T}oolbox ({BDM})},
	booktitle = {Abstracts of Contributions to 5th International Workshop on
	             Data --- Algorithms --- Decision Making},
	pages = {37},
	address = {Praha},
	year = {2009},
	editor = {Janžura, M. and Ivánek, J.},
}

@InProceedings{BehBraSel:09,
	author = {Stefan Behnel and Robert W. Bradshaw and Dag Sverre Seljebotn},
	title = {{Cython tutorial}},
	booktitle = {Proceedings of the 8th Python in Science Conference},
	pages = {4--14},
	address = {Pasadena, CA USA},
	year = {2009},
	editor = {Ga\"el Varoquaux and St\'efan van der Walt and Jarrod Millman},
	howpublished = "\url{http://conference.scipy.org/proceedings/SciPy2009/paper_1}",
}
@InProceedings{Sel:09,
	author = {Dag Sverre Seljebotn},
	title = {{Fast numerical computations with Cython}},
	booktitle = {Proceedings of the 8th Python in Science Conference},
	pages = {15--22},
	address = {Pasadena, CA USA},
	year = {2009},
	editor = {Ga\"el Varoquaux and St\'efan van der Walt and Jarrod Millman},
	howpublished = "\url{http://conference.scipy.org/proceedings/SciPy2009/paper_2}",
}
@Article{BehBraCitDalSelSmi:11,
	author={Behnel, S. and Bradshaw, R. and Citro, C. and Dalcin, L. and Seljebotn, D.S. and Smith, K.},
	journal={Computing in Science Engineering},
	title={{Cython: The Best of Both Worlds}},
	year={2011},
	month={march-april},
	volume={13},
	number={2},
	pages={31--39},
	keywords={Cython language;Fortran code;Python language extension;numerical loops;programming language;C language;numerical analysis;},
	doi={10.1109/MCSE.2010.118},
	ISSN={1521-9615},
}
@Article{Gordon:93,
	author={Gordon, N.J. and Salmond, D.J. and Smith, A.F.M.},
	journal={Radar and Signal Processing, IEE Proceedings F},
	title={{Novel approach to nonlinear/non-Gaussian Bayesian state estimation}},
	year={1993},
	month={apr},
	volume={140},
	number={2},
	pages={107--113},
	keywords={Gaussian noise;algorithm;bearings only tracking problem;bootstrap filter;extended Kalman filter;measurement model;nonGaussian Bayesian state estimation;nonlinear Bayesian state estimation;random samples;recursive Bayesian filters;simulation;state transition model;state vector density;Bayes methods;Kalman filters;filtering and prediction theory;state estimation;tracking;},
	doi={},
	ISSN={0956-375X},
}
@Article{Kalman:60,
	Author = {Kalman, R.E.},
	Title = {{A New Approach to Linear Filtering and Prediction Problems}},
	Journal = {Transactions of the ASME --- Journal of Basic Engineering},
	Volume = {82},
	Number = {Series D},
	Pages = {35--45},
	Year = {1960}
}
@Book{DouFreGor:01,
	title = {{Sequential Monte Carlo Methods in Practice}},
	publisher = {Springer},
	year = {2001},
	editor = {Doucet, A. and de Freitas, N. and Gordon, N.},
}
@Article{SmidlHofman:12,
	author = {Šmídl V. and Hofman, R.},
	title = {{Efficient Sequential Monte Carlo Sampling for Continuous Monitoring of Radiation Situation}},
	journal = {Technometrics},
	volume = {submitted},
	publisher = {American Statistical Association and American Society for Quality},
	year = {2012},
}
@Techreport{Johannesson:05,
	title={{Dynamic Bayesian Models via Monte Carlo--An Introduction with Examples}},
	author={Johannesson, G. and Hanley, B. and Nitao, J.},
	journal={LLNL UCRL-207173},
	year={2004},
	institution = {Lawrence Livermore National Laboratory}
}
@Article{Thompson:00,
	title = {{An international intercomparison of national network systems used to provide early warning of a nuclear accident having transboundary implications}},
	author = {Thompson, IMG and Andersen, CE and B{\o}tter-Jensen, L. and Funck, E. and Neumaier, S. and S{\'a}ez-Vergara, JC},
	journal = {Radiation protection dosimetry},
	volume = {92},
	number = {1-3},
	pages = {89},
	year = {2000},
	publisher = {NTP}
}
@Article{PittShephard:99,
	author = {Michael K. Pitt and Neil Shephard},
	title = {{Filtering via Simulation: Auxiliary Particle Filters}},
	journal = {Journal of the American Statistical Association},
	volume = {94},
	number = {446},
	pages = {590--599},
	publisher = {American Statistical Association},
	year = {1999},
}
@InProceedings{SimandlStraka:07,
	author = {Simandl, M. and Straka, O.},
	booktitle = {American Control Conference, 2007. ACC '07},
	title = {{Sampling Densities of Particle Filter: A Survey and Comparison}},
	year = {2007},
	month = {july},
	pages = {4437--4442},
	ISSN = {0743-1619},
}
@Article{OhBerger:92,
	title = {{Adaptive importance sampling in Monte Carlo integration}},
	author = {Oh, M.S. and Berger, J.O.},
	journal = {Journal of Statistical Computation and Simulation},
	volume = {41},
	number = {3},
	pages = {143--168},
	issn = {0094-9655},
	year = {1992},
	publisher = {Taylor \& Francis}
}
@Misc{Laitl11,
	author = {M. Laitl},
	title = {{Implementation environment for Bayesian filtering algorithms}},
	year = 2011,
	howpublished = {Bachelor thesis, Faculty of Nuclear Sciences and Physical Engineering of the Czech Technical University in Prague, Czech Republic}
}
@InProceedings{KlaFreDou:05,
	author = {M. Klaas and N. de Freitas and A. Doucet},
	title = {{Toward Practical \(N^2\) Monte Carlo: the Marginal Particle Filter}},
	booktitle = {Proceedings of the Twenty-First Conference Annual Conference on Uncertainty in Artificial Intelligence (UAI-05)},
	publisher = {AUAI Press},
	address = {Arlington, Virginia},
	year = {2005},
	pages = {308--315}
}
@Article{HieKarDij:11,
	title = {{Assimilation of observations of radiation level into an atmospheric transport model: A case study with the particle filter and the ETEX tracer dataset}},
	author = {Hiemstra, P.H. and Karssenberg, D. and van Dijk, A.},
	journal = {Atmospheric Environment},
	year = {2011},
	publisher = {Elsevier},
	pages = {6149--6157}
}
@InProceedings{SmiHof:13,
	author = {\v{S}m\'\i{}dl, V. and Hofman, R.},
	booktitle = {Information Fusion (FUSION), 2013 16th International Conference on},
	title = {Adaptive importance sampling in particle filtering},
	year = {2013},
	month = {July},
	pages = {9--16}
}
